@article{shao2016identifying,
  title={Identifying the limiting distribution by a general approach of Steinâ€™s method},
  author={Shao, Qi-Man and Zhang, Zhuo-Song},
  journal={Science China Mathematics},
  volume={59},
  pages={2379--2392},
  year={2016},
  publisher={Springer}
}

@article{gao2022refined,
  title={Refined Cram{\'e}r-type moderate deviation theorems for general self-normalized sums with applications to dependent random variables and winsorized mean},
  author={Gao, Lan and Shao, Qi-Man and Shi, Jiasheng},
  journal={The Annals of Statistics},
  volume={50},
  number={2},
  pages={673--697},
  year={2022},
  publisher={Institute of Mathematical Statistics}
}

@article{shao2016cramer,
  title={Cram{\'e}r type moderate deviation theorems for self-normalized processes},
  author={Shao, Qi-Man and Zhou, Wen-Xin},
  journal={Bernoulli},
  volume={22},
  number={4},
  pages={2029--2079},
  year={2016}
}

@article{lu2025conditional,
  title={Conditional cross-fitting for unbiased machine-learning-assisted covariate adjustment in randomized experiments},
  author={Lu, Xin and Shi, Lei and Liu, Hanzhong and Ding, Peng},
  journal={arXiv preprint arXiv:2508.15664},
  year={2025}
}

@article{zhang2022berry,
  title={Berry--Esseen bounds for generalized U-statistics},
  author={Zhang, Zhuo-Song},
  journal={Electronic Journal of Probability},
  volume={27},
  pages={1--36},
  year={2022},
  publisher={The Institute of Mathematical Statistics and the Bernoulli Society}
}